@Manual{CC01a,
  author =	 {Chih-Chung Chang and Chih-Jen Lin},
  title =	 {{LIBSVM}: a library for support vector machines},
  year =	 {2001},
  note =	 {Software available at \url{http://www.csie.ntu.edu.tw/~cjlin/libsvm}}
}

@conference{luyckx2005shallow,
  title={{Shallow text analysis and machine learning for authorship attribution}},
  author={Luyckx, Kim and Daelemans, Walter},
  booktitle={Proceedings of the fifteenth meeting of Computational Linguistics in the Netherlands (CLIN 2004)},
  pages={149--160},
  year={2005}
}

@article{kukushkina2001using,
  title={{Using literal and grammatical statistics for authorship attribution}},
  author={Kukushkina, OV and Polikarpov, AA and Khmelev, DV},
  journal={Problems of Information Transmission},
  volume={37},
  number={2},
  pages={172--184},
  year={2001},
  publisher={Springer}
}

@article{de2001mining,
  title={{Mining e-mail content for author identification forensics}},
  author={De Vel, O. and Anderson, A. and Corney, M. and Mohay, G.},
  journal={ACM Sigmod Record},
  volume={30},
  number={4},
  pages={55--64},
  year={2001},
  publisher={ACM New York, NY, USA}
}

@article{zhao2005effective,
  title={{Effective and scalable authorship attribution using function words}},
  author={Zhao, Y. and Zobel, J.},
  journal={Lecture Notes in Computer Science},
  volume={3689},
  pages={174},
  year={2005},
  publisher={Springer}
}
