@Manual{CC01a,
  author =	 {Chih-Chung Chang and Chih-Jen Lin},
  title =	 {{LIBSVM}: a library for support vector machines},
  year =	 {2001},
  note =	 {Software available at \url{http://www.csie.ntu.edu.tw/~cjlin/libsvm}}
}

@conference{luyckx2005shallow,
  title={{Shallow text analysis and machine learning for authorship attribution}},
  author={Luyckx, Kim and Daelemans, Walter},
  booktitle={Proceedings of the fifteenth meeting of Computational Linguistics in the Netherlands (CLIN 2004)},
  pages={149--160},
  year={2005}
}

@article{kukushkina2001using,
  title={{Using literal and grammatical statistics for authorship attribution}},
  author={Kukushkina, OV and Polikarpov, AA and Khmelev, DV},
  journal={Problems of Information Transmission},
  volume={37},
  number={2},
  pages={172--184},
  year={2001},
  publisher={Springer}
}

@article{de2001mining,
  title={{Mining e-mail content for author identification forensics}},
  author={De Vel, O. and Anderson, A. and Corney, M. and Mohay, G.},
  journal={ACM Sigmod Record},
  volume={30},
  number={4},
  pages={55--64},
  year={2001},
  publisher={ACM New York, NY, USA}
}

@article{zhao2005effective,
  title={{Effective and scalable authorship attribution using function words}},
  author={Zhao, Y. and Zobel, J.},
  journal={Lecture Notes in Computer Science},
  volume={3689},
  pages={174},
  year={2005},
  publisher={Springer}
}

@article{coyotl2006authorship,
  title={{Authorship attribution using word sequences}},
  author={Coyotl-Morales, R.M. and Villase{\~n}or-Pineda, L. and Montes-y-G{\'o}mez, M. and Rosso, P. and del Lenguaje, L.T.},
  journal={Lecture Notes in Computer Science},
  volume={4225},
  pages={844},
  year={2006},
  publisher={Springer}
}

@conference{keselj2003n,
  title={{N-gram-based author profiles for authorship attribution}},
  author={Keselj, V. and Peng, F. and Cercone, N. and Thomas, C.},
  booktitle={Proceedings of the Conference Pacific Association for Computational Linguistics, PACLING},
  volume={3},
  pages={255--264},
  year={2003},
  organization={Citeseer}
}

@conference{koppel2003exploiting,
  title={{Exploiting stylistic idiosyncrasies for authorship attribution}},
  author={Koppel, M. and Schler, J.},
  booktitle={Proceedings of IJCAI},
  volume={3},
  pages={69--72},
  year={2003},
  organization={Citeseer}
}

@conference{banko2001scaling,
  title={{Scaling to very very large corpora for natural language disambiguation}},
  author={Banko, M. and Brill, E.},
  booktitle={Proceedings of the 39th Annual Meeting on Association for Computational Linguistics},
  pages={33},
  year={2001},
  organization={Association for Computational Linguistics}
}

@article{argamon2005measuring,
  title={{Measuring the usefulness of function words for authorship attribution}},
  author={Argamon, S. and Levitan, S.},
  journal={Proceedings of ACH/ALLC 2005},
  year={2005},
  publisher={Citeseer}
}

@article{uzuner2005comparative,
  title={{A comparative study of language models for book and author recognition}},
  author={Uzuner, O. and Katz, B.},
  journal={Lecture Notes in Computer Science},
  volume={3651},
  pages={969},
  year={2005},
  publisher={Springer}
}

@conference{baayen2002experiment,
  title={{An experiment in authorship attribution}},
  author={Baayen, H. and van Halteren, H. and Neijt, A. and Tweedie, F.},
  booktitle={6th JADT},
  year={2002},
  organization={Citeseer}
}

@conference{diri2003automatic,
  title={{Automatic Author Detection for Turkish Texts}},
  author={Diri, B. and Amasyal{\i}, MF},
  booktitle={Artificial Neural Networks and Neural Information Processing (ICANN/ICONIP)},
  pages={138--141},
  year={2003}
}

@article{stamatatos2001computer,
  title={{Computer-based authorship attribution without lexical measures}},
  author={Stamatatos, E. and Fakotakis, N. and Kokkinakis, G.},
  journal={Computers and the Humanities},
  volume={35},
  number={2},
  pages={193--214},
  year={2001},
  publisher={Springer}
}
