@article{argamon2005measuring,
  title={{Measuring the usefulness of function words for authorship attribution}},
  author={Argamon, S. and Levitan, S.},
  journal={Proceedings of ACH/ALLC},
  year={2005}
}

@conference{baayen2002experiment,
  title={{An experiment in authorship attribution}},
  author={Baayen, H. and van Halteren, H. and Neijt, A. and Tweedie, F.},
  booktitle={6th JADT},
  year={2002}
}

@conference{banko2001scaling,
  title={{Scaling to very very large corpora for natural language disambiguation}},
  author={Banko, M. and Brill, E.},
  booktitle={Proceedings of the 39th Annual Meeting on Association for Computational Linguistics},
  pages={33},
  year={2001},
  organization={Association for Computational Linguistics}
}

@misc{CC01a,
  author =	 {Chih-Chung Chang and Chih-Jen Lin},
  title =	 {{LIBSVM}: a library for support vector machines},
  year =	 {2001},
  howpublished={http://www.csie.ntu.edu.tw/~cjlin/libsvm}
}

@inproceedings{coyotl2006authorship,
  title={{Authorship attribution using word sequences}},
  author={Coyotl-Morales, R.M. and Villase{\~n}or-Pineda, L. and Montes-y-G{\'o}mez, M. and Rosso, P. and Lenguaje, L.T.},
  booktitle =	"Iberoamerican Congress on Pattern Recognition",
  pages={844--853},
  volume={4225},
  year={2006},
  publisher={Springer}
}

@article{de2001mining,
  title={{Mining e-mail content for author identification forensics}},
  author={De Vel, O. and Anderson, A. and Corney, M. and Mohay, G.},
  journal={ACM Sigmod Record},
  volume={30},
  number={4},
  pages={55--64},
  year={2001},
  publisher={ACM New York, NY, USA}
}

@article{diederich2003authorship,
  title={{Authorship attribution with support vector machines}},
  author={Diederich, J. and Kindermann, J. and Leopold, E. and Paass, G.},
  journal={Applied Intelligence},
  volume={19},
  number={1},
  pages={109--123},
  year={2003},
  publisher={Springer}
}

@article{kukushkina2001using,
  title={{Using literal and grammatical statistics for authorship attribution}},
  author={Kukushkina, OV and Polikarpov, AA and Khmelev, DV},
  journal={Probl. of Info. Trans.},
  volume={37},
  number={2},
  pages={172--184},
  year={2001},
  publisher={Springer}
}

@article{keerthi2003asymptotic,
  title={{Asymptotic behaviors of support vector machines with Gaussian kernel}},
  author={Keerthi, S.S. and Lin, C.J.},
  journal={Neural Computation},
  volume={15},
  number={7},
  pages={1667--1689},
  year={2003},
  publisher={MIT Press}
}

@conference{keselj2003n,
  title={{N-gram-based author profiles for authorship attribution}},
  author={Ke≈°elj, V. and Peng, F. and Cercone, N. and Thomas, C.},
  booktitle={Proceedings of the Conference Pacific Association for Computational Linguistics, PACLING},
  volume={3},
  pages={255--264},
  year={2003}
}

@conference{koppel2003exploiting,
  title={{Exploiting stylistic idiosyncrasies for authorship attribution}},
  author={Koppel, M. and Schler, J.},
  booktitle={Proceedings of IJCAI},
  volume={3},
  pages={69--72},
  year={2003}
}

@conference{luyckx2005shallow,
  title={{Shallow text analysis and machine learning for authorship attribution}},
  author={Luyckx, Kim and Daelemans, Walter},
  booktitle={Proceedings of the fifteenth meeting of Computational Linguistics in the Netherlands (CLIN 2004)},
  pages={149--160},
  year={2005}
}

@conference{peng2003language,
  title={{Language independent authorship attribution using character level language models}},
  author={Peng, F. and Schuurmans, D. and Wang, S. and Keselj, V.},
  booktitle={Proc. 10th Conf. on European Chapter of the Assoc. Comp. Ling.},
  volume={1},
  pages={267--274},
  year={2003},
  organization={ACL}
}

@article{stamatatos2001computer,
  title={{Computer-based authorship attribution without lexical measures}},
  author={Stamatatos, E. and Fakotakis, N. and Kokkinakis, G.},
  journal={Comp. and Hum.},
  volume={35},
  number={2},
  pages={193--214},
  year={2001},
  publisher={Springer}
}

@article{snajder08automatic,
  title = "Automatic Acquisition of Inflectional Lexica for Morphological Normalisation",
  author = "Jan \v{S}najder and Dalbelo Ba\v{s}i\'{c}, Bojana and Marko Tadi\'c",
  year = "2008",
  journal = "Information Processing and Management",
  volume = "44",
  number = "5",
  pages = "1720--1731"
}

@article{tweedie1998variable,
  title={{How variable may a constant be? Measures of lexical richness in perspective}},
  author={Tweedie, F.J. and Baayen, R.H.},
  journal={Comp. and Hum.},
  volume={32},
  number={5},
  pages={323--352},
  year={1998},
  publisher={Springer}
}

@article{uzuner2005comparative,
  title={{A comparative study of language models for book and author recognition}},
  author={Uzuner, O. and Katz, B.},
  journal={Lecture Notes in Computer Science},
  volume={3651},
  pages={969--980},
  year={2005},
  publisher={Springer}
}
 
@article{zhao2005effective,
  title={{Effective and scalable authorship attribution using function words}},
  author={Zhao, Y. and Zobel, J.},
  journal={Lecture Notes in Computer Science},
  volume={3689},
  pages={174--189},
  year={2005},
  publisher={Springer}
}

@article{stamatatos2009survey,
  title={{A survey of modern authorship attribution methods}},
  author={Stamatatos, E.},
  journal={Journal of the American Society for Information Science and Technology},
  volume={60},
  number={3},
  pages={538--556},
  year={2009},
  publisher={John Wiley \& Sons, Inc, 605 Third Ave, New York, NY, 10016, USA}
}

@conference{stamatatos2006ensemble,
  title={{Ensemble-based author identification using character n-grams}},
  author={Stamatatos, E.},
  booktitle={Proc. 3rd Int. Workshop on Text-based Information Retrieval},
  pages={41--46},
  year={2006}
}

@article{holmes1994authorship,
  title={{Authorship attribution}},
  author={Holmes, D.I.},
  journal={Comp. and Humanities},
  volume={28},
  number={2},
  pages={87--106},
  year={1994},
  publisher={Springer}
}

@article{mendenhall1887,
  title={{The characteristic curves of composition}},
  author={Mendenhall, TC},
  journal={Science},
  number={214S},
  pages={237},
  year={1887},
  publisher={AAAS}
}

@article{cortes1995support,
  title={{Support-vector networks}},
  author={Cortes, C. and Vapnik, V.},
  journal={Machine L.},
  volume={20},
  number={3},
  pages={273--297},
  year={1995},
  publisher={Springer}
}

@article{van1996outside,
  title={{Outside the cave of shadows: Using syntactic annotation to enhance authorship attribution}},
  author={van Halteren, H. and Tweedie, F. and Baayen, H.},
  journal={Computers and the Humanities},
  volume={28},
  number={2},
  pages={87--106},
  year={1996}
}

@article{malenica,
  title =	"Language morphology offset: Text classification on a
		 Croatian-English parallel corpus",
  author =	"M. Malenica and T. Smuc and Jan \v{S}najder and Bojana
		 {Dalbelo Ba\v{s}i\'c}",
  journal =	"Information Processing and Management",
  year = 	"2008",
  number =	"1",
  volume =	"44",
  pages =	"325--339",
}

@inproceedings{silic,
  title =	"{N}-Grams and Morphological Normalization in Text
		 Classification: {A} Comparison on a Croatian-English
		 Parallel Corpus",
  author =	"Artur \v{S}ili\'c and Jean-Hugues Chauchat and Bojana
		 {Dalbelo Ba\v{s}i\'c} and Annie Morin",
  booktitle =	"Proc. 13th Portuguese Conf. on Artificial Intelligence, {EPIA} 2007",
  publisher =	"Springer",
  year = 	"2007",
  volume =	"4874",
  Xeditor =	"Jos{\'e} Neves and Manuel Filipe Santos and Jos{\'e}
		 Machado",
  pages =	"671--682",
  series =	"Lecture Notes in Computer Science",
}
